@book{sipster2013,
    author = "Michael Sipster",
    title = "Introduction to the Theory of Computation",
    edition = "3rd",
    year = "2013"
}
@book{garey1979,
    author = "Michael R. Garey and David S. Johnson",
    title = "Computers and Intractability - A Guide to the Theory of NP-Completeness",
    year = "1979"
}
@book{harel2004,
    author = "David Harel and Yishai Feldman",
    title = "Algorithmics - Spirit of Computing",
    publisher = "Addison Wesley",
    year = "2004"
}
@article{karp1972,
    author = "Richard M. Karp",
    title = "Reducibility Among Combinatorial Problems",
    year = "1972"
}
@misc{peng2016,
    author = "Richard Peng",
    title = "CS 3510 Design and Analysis of Algorithms - NP-Complete Problems",
    year = "2016"
}
@misc{valeri2019,
    author = "Túlio Ferreira Valeri",
    title = "Aplicabilidade do problema do caixeiro viajante na roteirização de visitas de representantes de empresas aos clientes.",
    year = "2019"
}